<?xml version="1.0" encoding="UTF-8"?><record xmlns="http://www.loc.gov/MARC21/slim" xmlns:cinclude="http://apache.org/cocoon/include/1.0" xmlns:zs="http://www.loc.gov/zing/srw/">
  <leader>00604cz  a2200145n  4500</leader>
  <controlfield tag="001">n  85209488 </controlfield>
  <controlfield tag="003">DLC</controlfield>
  <controlfield tag="005">20080430075113.0</controlfield>
  <controlfield tag="008">860715n| acannaabn          |a ana      </controlfield>
  <datafield tag="010" ind1=" " ind2=" ">
    <subfield code="a">n  85209488 </subfield>
  </datafield>
  <datafield tag="035" ind1=" " ind2=" ">
    <subfield code="a">(OCoLC)oca01635436</subfield>
  </datafield>
  <datafield tag="040" ind1=" " ind2=" ">
    <subfield code="a">DLC</subfield>
    <subfield code="b">eng</subfield>
    <subfield code="c">DLC</subfield>
    <subfield code="d">DLC</subfield>
    <subfield code="d">OCoLC</subfield>
  </datafield>
  <datafield tag="110" ind1="2" ind2=" ">
    <subfield code="a">American Bar Association.</subfield>
    <subfield code="b">Traffic Court Program</subfield>
  </datafield>
  <datafield tag="410" ind1="2" ind2=" ">
    <subfield code="a">American Bar Association.</subfield>
    <subfield code="b">Special Committee on Traffic Court Program</subfield>
  </datafield>
  <datafield tag="670" ind1=" " ind2=" ">
    <subfield code="a">Traffic court justice, July 1958, surrogate:</subfield>
    <subfield code="b">t.p. (Traffic Court Program, American Bar Association); masthead (American Bar Association, Special Committee on Traffic Court Program)</subfield>
  </datafield>
</record>